{
  "leader": "05258cam a2200517 a 4500",
  "fields": [
    {
      "001": "ocm33665004\\"
    },
    {
      "003": "OCoLC"
    },
    {
      "005": "20220104175037.0"
    },
    {
      "008": "951106s1996\\\\\\\\dcuab\\\\\\\\b\\\\\\\\001\\0\\eng\\\\"
    },
    {
      "010": {
        "ind1": "\\",
        "ind2": "\\",
        "subfields": [
          {
            "a": "   95047012 "
          }
        ]
      }
    },
    {
      "040": {
        "ind1": "\\",
        "ind2": "\\",
        "subfields": [
          {
            "a": "DLC"
          },
          {
            "b": "eng"
          },
          {
            "c": "DLC"
          },
          {
            "d": "AGL"
          },
          {
            "d": "GGN"
          },
          {
            "d": "EL{dollar}"
          },
          {
            "d": "NLGGC"
          },
          {
            "d": "BAKER"
          },
          {
            "d": "BTCTA"
          },
          {
            "d": "LVB"
          },
          {
            "d": "YDXCP"
          },
          {
            "d": "AAA"
          },
          {
            "d": "UAB"
          },
          {
            "d": "BDX"
          },
          {
            "d": "OCLCF"
          },
          {
            "d": "OCLCO"
          },
          {
            "d": "OCLCQ"
          },
          {
            "d": "GZM"
          },
          {
            "d": "PAU"
          },
          {
            "d": "OCLCQ"
          },
          {
            "d": "BGU"
          },
          {
            "d": "OCLCQ"
          },
          {
            "d": "COH"
          },
          {
            "d": "OCLCO"
          }
        ]
      }
    },
    {
      "020": {
        "ind1": "\\",
        "ind2": "\\",
        "subfields": [
          {
            "a": "1559634642"
          },
          {
            "q": "(pbk. ;"
          },
          {
            "q": "alk. paper)"
          }
        ]
      }
    },
    {
      "020": {
        "ind1": "\\",
        "ind2": "\\",
        "subfields": [
          {
            "a": "9781559634649"
          },
          {
            "q": "(pbk. ;"
          },
          {
            "q": "alk. paper)"
          }
        ]
      }
    },
    {
      "035": {
        "ind1": "\\",
        "ind2": "\\",
        "subfields": [
          {
            "a": "(OCoLC)33665004"
          }
        ]
      }
    },
    {
      "043": {
        "ind1": "\\",
        "ind2": "\\",
        "subfields": [
          {
            "a": "n-us---"
          }
        ]
      }
    },
    {
      "050": {
        "ind1": "0",
        "ind2": "0",
        "subfields": [
          {
            "a": "HD205"
          },
          {
            "b": ".L357 1996"
          }
        ]
      }
    },
    {
      "070": {
        "ind1": "0",
        "ind2": "\\",
        "subfields": [
          {
            "a": "HD205.L357"
          },
          {
            "b": "1996"
          }
        ]
      }
    },
    {
      "072": {
        "ind1": "\\",
        "ind2": "7",
        "subfields": [
          {
            "a": "E110"
          }
        ]
      }
    },
    {
      "082": {
        "ind1": "0",
        "ind2": "0",
        "subfields": [
          {
            "a": "333.73130973"
          },
          {
            "b": "LAN"
          }
        ]
      }
    },
    {
      "245": {
        "ind1": "0",
        "ind2": "0",
        "subfields": [
          {
            "a": "Land use in America /"
          },
          {
            "c": "[edited by] Henry L. Diamond and Patrick F. Noonan ; [foreword by Laurance S. Rockefeller]."
          }
        ]
      }
    },
    {
      "260": {
        "ind1": "\\",
        "ind2": "\\",
        "subfields": [
          {
            "a": "Washington, D.C. :"
          },
          {
            "b": "Island Press,"
          },
          {
            "c": "\u00a91996."
          }
        ]
      }
    },
    {
      "300": {
        "ind1": "\\",
        "ind2": "\\",
        "subfields": [
          {
            "a": "xx, 351 pages :"
          },
          {
            "b": "illustrations, maps ;"
          },
          {
            "c": "23 cm"
          }
        ]
      }
    },
    {
      "336": {
        "ind1": "\\",
        "ind2": "\\",
        "subfields": [
          {
            "a": "text"
          },
          {
            "b": "txt"
          },
          {
            "2": "rdacontent"
          }
        ]
      }
    },
    {
      "337": {
        "ind1": "\\",
        "ind2": "\\",
        "subfields": [
          {
            "a": "unmediated"
          },
          {
            "b": "n"
          },
          {
            "2": "rdamedia"
          }
        ]
      }
    },
    {
      "338": {
        "ind1": "\\",
        "ind2": "\\",
        "subfields": [
          {
            "a": "volume"
          },
          {
            "b": "nc"
          },
          {
            "2": "rdacarrier"
          }
        ]
      }
    },
    {
      "500": {
        "ind1": "\\",
        "ind2": "\\",
        "subfields": [
          {
            "a": "\"Lincoln Institute of Land Policy.\""
          }
        ]
      }
    },
    {
      "500": {
        "ind1": "\\",
        "ind2": "\\",
        "subfields": [
          {
            "a": "\"This book is the report of the sustainable use of the land project.\""
          }
        ]
      }
    },
    {
      "504": {
        "ind1": "\\",
        "ind2": "\\",
        "subfields": [
          {
            "a": "Includes bibliographical references (pages 331-333) and index."
          }
        ]
      }
    },
    {
      "505": {
        "ind1": "0",
        "ind2": "\\",
        "subfields": [
          {
            "a": "Foreword / Laurance S. Rockefeller -- Healthy Land Makes Healthy Communities. Today's Land Use Challenges. Good Land Use Is Achieved by Good Planning -- Making More Efficient Use of the Land. Florida: A Status Report -- Long Island (1973-1995) -- California (1973-1995). State Planning and Growth Management -- Colorado (1973-1995). New Regional Groupings. Local Initiatives -- Cost of Sprawl -- New Issues Awaken, New Strategies Emerge, New Problems Arise. New Stakeholders. Transportation. Greenways -- Hudson River Greenway: A Regional Success Story / David S. Sampson. Historic Preservation. New Designs for Communities and Neighborhoods -- Metropolitan Growth Patterns: A Homebuilder's Perspective / W. Joseph Duckworth. Farmlands. Affordable Housing. Assessing Environmental Impacts. Further Environmental Progress -- The Land and Water Nexus. Backlash -- Whose Property Is It Anyway? / John C. Shanahan -- More Growth and Change Are Coming. The Changing Economy Also Means More Pressures on the Land. Social Values in Transition Are Changing How Land Is Used -- A Land Use Agenda for 21st Century America. The Agenda -- Sustainable Communities -- Knoxville Center City Business Park Brownfields Redevelopment Project / Victor Ashe -- Loxahatchee Greenways Project / Elizabeth Shields and Matthew Sexton -- Growth Management Plans / Howard Dean -- Ecosystem Management: An Organizing Principle for Land Use / Douglas P. Wheeler -- Transportation: A Key Element in Sustainable Communities / James Lighthizer -- Across the Barricades / William K. Reilly -- Metropolitan Development Trends of the Late 1990s: Social and Environmental Implications / Christopher B. Leinberger -- Our Critical Forest Resources / John A. Georges -- Land Use Planning: A Farmer's Perspective / Ken Buelt -- Patience, Problem Solving, and Private Initiative: Local Groups Chart a New Course for Land Conservation / Jean W. Hocker -- Sustainability and Social Justice: The Changing Face of Land Use and Environmentalism / Charles Jordan -- Science and the Sustainable Use of Land / Norman L. Christensen, Jr. -- Private Property Rights, Government Regulation, and the Constitution: Searching for Balance / Jerold S. Kayden -- An Economic Perspective on the Sustainable Use of Land / John A. Baden."
          }
        ]
      }
    },
    {
      "520": {
        "ind1": "\\",
        "ind2": "\\",
        "subfields": [
          {
            "a": "Land Use in America is designed to help communities throughout the country accommodate growth in better, more environmentally sound, more fiscally responsible ways. Henry L. Diamond and Patrick F. Noonan, two preeminent figures in the modern conservation movement, provide a broad overview of major land use issues of the past twenty-five years and a ten-point agenda for future action. They look at key trends and patterns of the past two decades and make recommendations for ensuring that future growth takes place in a more sustainable manner. The synthesis and analysis featured in the first part of the book is based in large part on a series of papers that are included in their entirety in the second part of the book."
          }
        ]
      }
    },
    {
      "650": {
        "ind1": "\\",
        "ind2": "0",
        "subfields": [
          {
            "a": "Land use"
          },
          {
            "z": "United States"
          },
          {
            "x": "Planning."
          }
        ]
      }
    },
    {
      "650": {
        "ind1": "\\",
        "ind2": "0",
        "subfields": [
          {
            "a": "Land use"
          },
          {
            "x": "Environmental aspects"
          },
          {
            "z": "United States."
          }
        ]
      }
    },
    {
      "650": {
        "ind1": "\\",
        "ind2": "0",
        "subfields": [
          {
            "a": "Land use"
          },
          {
            "x": "Economic aspects"
          },
          {
            "z": "United States."
          }
        ]
      }
    },
    {
      "650": {
        "ind1": "\\",
        "ind2": "7",
        "subfields": [
          {
            "a": "Land use"
          },
          {
            "x": "Economic aspects."
          },
          {
            "2": "fast"
          },
          {
            "0": "(OCoLC)fst00991485"
          }
        ]
      }
    },
    {
      "650": {
        "ind1": "\\",
        "ind2": "7",
        "subfields": [
          {
            "a": "Land use"
          },
          {
            "x": "Environmental aspects."
          },
          {
            "2": "fast"
          },
          {
            "0": "(OCoLC)fst00991489"
          }
        ]
      }
    },
    {
      "650": {
        "ind1": "\\",
        "ind2": "7",
        "subfields": [
          {
            "a": "Land use"
          },
          {
            "x": "Planning."
          },
          {
            "2": "fast"
          },
          {
            "0": "(OCoLC)fst00991528"
          }
        ]
      }
    },
    {
      "651": {
        "ind1": "\\",
        "ind2": "7",
        "subfields": [
          {
            "a": "United States."
          },
          {
            "2": "fast"
          },
          {
            "0": "(OCoLC)fst01204155"
          }
        ]
      }
    },
    {
      "700": {
        "ind1": "1",
        "ind2": "\\",
        "subfields": [
          {
            "a": "Diamond, Henry L.,"
          },
          {
            "e": "editor."
          }
        ]
      }
    },
    {
      "700": {
        "ind1": "1",
        "ind2": "\\",
        "subfields": [
          {
            "a": "Noonan, Patrick F.,"
          },
          {
            "e": "editor."
          }
        ]
      }
    },
    {
      "710": {
        "ind1": "2",
        "ind2": "\\",
        "subfields": [
          {
            "a": "Lincoln Institute of Land Policy."
          }
        ]
      }
    },
    {
      "776": {
        "ind1": "0",
        "ind2": "8",
        "subfields": [
          {
            "i": "Online version:"
          },
          {
            "t": "Land use in America."
          },
          {
            "d": "Washington, D.C. : Island Press, \u00a91996"
          },
          {
            "w": "(OCoLC)605099885"
          }
        ]
      }
    },
    {
      "776": {
        "ind1": "0",
        "ind2": "8",
        "subfields": [
          {
            "i": "Online version:"
          },
          {
            "t": "Land use in America."
          },
          {
            "d": "Washington, D.C. : Island Press, \u00a91996"
          },
          {
            "w": "(OCoLC)606954104"
          }
        ]
      }
    },
    {
      "856": {
        "ind1": "4",
        "ind2": "2",
        "subfields": [
          {
            "3": "Publisher description"
          },
          {
            "u": "http://catdir.loc.gov/catdir/enhancements/fy0666/95047012-d.html"
          }
        ]
      }
    },
    {
      "994": {
        "ind1": "\\",
        "ind2": "\\",
        "subfields": [
          {
            "a": "Z0"
          },
          {
            "b": "NYRVC"
          }
        ]
      }
    },
    {
      "948": {
        "ind1": "\\",
        "ind2": "\\",
        "subfields": [
          {
            "h": "NO HOLDINGS IN NYRVC - 649 OTHER HOLDINGS"
          }
        ]
      }
    },
    {
      "999": {
        "ind1": "\\",
        "ind2": "\\",
        "subfields": [
          {
            "a": "00000000015741"
          }
        ]
      }
    }
  ]
}